

@article{AlonBLP1991,
  author =        {Noga Alon and Amotz Bar{-}Noy and Nathan Linial and
                   David Peleg},
  journal =       {J. Comput.\ Syst.\ Sci.},
  number =        {2},
  pages =         {290--298},
  title =         {A Lower Bound for Radio Broadcast},
  volume =        {43},
  year =          {1991},
  doi =           {10.1016/0022-0000(91)90015-W},
}

@article{AlonF1993,
  author =        {Noga Alon and Zolt{\'{a}}n F{\"{u}}redi},
  journal =       {Eur. J. Comb.},
  number =        {2},
  pages =         {79--83},
  title =         {Covering the Cube by Affine Hyperplanes},
  volume =        {14},
  year =          {1993},
  doi =           {10.1006/eujc.1993.1011},
}

@inproceedings{BeigelRS1991,
  author =        {Richard Beigel and Nick Reingold and
                   Daniel A. Spielman},
  booktitle =     {Proc.\ $6$th IEEE Conf.\ on Structure in Complexity
                   Theory},
  pages =         {286--291},
  title =         {The Perceptron Strikes Back},
  year =          {1991},
  doi =           {10.1109/SCT.1991.160270},
}

@inproceedings{BhandariHMS2018,
  author =        {Siddharth Bhandari and Prahladh Harsha and
                   Tulasimohan Molli and Srikanth Srinivasan},
  booktitle =     {Proc. $38$th IARCS Annual Conf.\ on Foundations of
                   Software Tech.\ and Theoretical Comp.\ Science
                   (FSTTCS)},
  editor =        {Sumit Ganguly and Paritosh Pandya},
  pages =         {5:1--5:12},
  publisher =     {Schloss Dagstuhl},
  series =        {LIPIcs},
  title =         {On the Probabilistic Degree of {OR} over the {R}eals},
  volume =        {122},
  year =          {2018},
  doi =           {10.4230/LIPIcs.FSTTCS.2018.5},
  eprint =        {1812.01982},
  eccc =          {2018/TR18-207},
}

@article{Braverman2010,
  author =        {Mark Braverman},
  journal =       {J. ACM},
  note =          {(Preliminary version in {\em 24th IEEE Conference on
                   Computational Complexity}, 2009)},
  number =        {5},
  title =         {Polylogarithmic independence fools ${AC}^{0}$
                   circuits},
  volume =        {57},
  year =          {2010},
  doi =           {10.1145/1754399.1754401},
  eccc =          {2009/TR09-011},
}

@article{Erdos1945,
  author =        {Paul Erd\H{o}s},
  journal =       {Bull.\ Amer.\ Math.\ Soc.},
  number =        {12},
  pages =         {898--902},
  title =         {On a lemma of {L}ittlewood and {O}fford},
  volume =        {51},
  year =          {1945},
  doi =           {10.1090/S0002-9904-1945-08454-7},
}

@article{HarshaS2019-ac0,
  author =        {Prahladh Harsha and Srikanth Srinivasan},
  journal =       {Random Structures Algorithms},
  note =          {(Preliminary version in {\em 20th RANDOM}, 2016)},
  number =        {2},
  pages =         {289--303},
  title =         {On Polynomial Approximations to ${AC}^0$},
  volume =        {54},
  year =          {2019},
  doi =           {10.1002/rsa.20786},
  eprint =        {1604.08121},
}

@incollection{Hastad1989,
  address =       {Greenwich, Connecticut},
  author =        {Johan H{\aa}stad},
  booktitle =     {Randomness and Computation},
  editor =        {Silvio Micali},
  note =          {(Preliminary version in {\em 18th STOC} 1986)},
  pages =         {143--170},
  publisher =     {JAI Press},
  series =        {Advances in Computing Research},
  title =         {Almost optimal lower bounds for small depth circuits},
  volume =        {5},
  year =          {1989},
  url =           {http://www.csc.kth.se/~johanh/largesmalldepth.pdf},
}

@article{LittlewoodO1938,
  author =        {John Edensor Littlewood and A. Cyril Offord},
  journal =       {J. London\ Math. Soc.},
  number =        {4},
  pages =         {288--295},
  title =         {On the Number of Real Roots of a Random Algebraic
                   Equation},
  volume =        {s1-13},
  year =          {1938},
  doi =           {10.1112/jlms/s1-13.4.288},
}

@article{LubyV1996,
  author =        {Michael Luby and Boban Velickovic},
  journal =       {Algorithmica},
  note =          {(Preliminary version in {\em 23rd STOC}, 1991)},
  number =        {4/5},
  pages =         {415--433},
  title =         {On Deterministic Approximation of {DNF}},
  volume =        {16},
  year =          {1996},
  doi =           {10.1007/BF01940873},
}

@article{MekaNV2016,
  author =        {Meka, Raghu and Nguyen, Oanh and Vu, Van},
  journal =       {Theory Comput.},
  number =        {11},
  pages =         {1--17},
  title =         {Anti-concentration for Polynomials of Independent
                   Random Variables},
  volume =        {12},
  year =          {2016},
  doi =           {10.4086/toc.2016.v012a011},
  eprint =        {1507.00829},
}

@article{Razborov1987,
  author =        {Alexander A. Razborov},
  journal =       {Mathematicheskie Zametki},
  note =          {(English translation in {\em Mathematical Notes of
                   the Academy of Sciences of the USSR}, 41(4):333--338,
                   1987)},
  number =        {4},
  pages =         {598--607},
  title =         {\foreignlanguage{russian}{Нжние оценки
                   размера схем ограниченной
                   глубины в полном базисе,
                   содержащем функцию
                   логического сложения} ({R}ussian)
                   [{L}ower bounds on the size of bounded depth circuits
                   over a complete basis with logical addition]},
  volume =        {41},
  year =          {1987},
  doi =           {10.1007/BF01137685},
  language =      {Russian},
  url =           {http://mi.mathnet.ru/eng/mz4883},
}

@inproceedings{Smolensky1987,
  author =        {Roman Smolensky},
  booktitle =     {Proc.\ $19$th ACM Symp.\ on Theory of Computing
                   (STOC)},
  pages =         {77--82},
  title =         {Algebraic Methods in the Theory of Lower Bounds for
                   {B}oolean Circuit Complexity},
  year =          {1987},
  doi =           {10.1145/28395.28404},
}

@inproceedings{Tal2017,
  author =        {Avishay Tal},
  booktitle =     {Proc.\ $32$nd Comput.\ Complexity Conf.},
  pages =         {15:1--15:31},
  publisher =     {Schloss Dagstuhl},
  series =        {LIPIcs},
  title =         {Tight Bounds on the {F}ourier {S}pectrum of ${AC}^0$},
  volume =        {79},
  year =          {2017},
  doi =           {10.4230/LIPIcs.CCC.2017.15},
  eccc =          {2014/TR14-174},
}

@article{Tarui1993,
  author =        {Jun Tarui},
  journal =       {Theoret.\ Comput.\ Sci.},
  note =          {(Preliminary version in {\em 8th STACS}, 1991)},
  number =        {1},
  pages =         {167--183},
  title =         {Probabilistic Polynomials, ${AC}^{0}$ Functions, and
                   the Polynomial-Time Hierarchy},
  volume =        {113},
  year =          {1993},
  doi =           {10.1016/0304-3975(93)90214-E},
}

@article{TodaO1992,
  author =        {Seinosuke Toda and Mitsunori Ogiwara},
  journal =       {SIAM J. Comput.},
  note =          {(Preliminary version in {\em 6th Structure in
                   Complexity Theory Conference}, 1991)},
  number =        {2},
  pages =         {316--328},
  title =         {Counting Classes are at Least as Hard as the
                   Polynomial-Time Hierarchy},
  volume =        {21},
  year =          {1992},
  doi =           {10.1137/0221023},
}

